@article{rolerules,
    author={Sam Malabre},
    title={Rules for the Construction of the Roleplaying Games},
    year={2022}
}

@misc{fruitlaw,
    author={Seitz, Eli},
    title={Fruit of Law},
}

@misc{medium,
    author={David Kadavy and Marshall McLuhan},
    title={Understanding Media (by Marshall McLuhan) Book Summary â€“ Love Your Work, Episode 248},
    year={2021},
    url={https://kadavy.net/blog/posts/understanding-media-summary-marshall-mcluhan/}
}

@online{attic,
    author={{Roughest Drafts}},
    title={Revisiting Shel Silverstein's Poetry as an Adult},
    year={2024},
    url={https://www.youtube.com/watch?v=53rGxPbsffQ},
}

@book{bigO,
    author={Shel Silverstein},
    title={{The Missing Piece Meets The Big O}},
    year={1981}
}

@misc{lack,
    author={Kay Lack},
    title={{Kay Lack}},
    url={https://www.youtube.com/@neoeno4242}
}

@misc{paul,
    author={Paul Ens},
    title={Paulogia},
    url={https://www.youtube.com/paulogia},
}

@misc{sit,
    author={Patrick Micheal Ballard},
    title={{Navigating the American Spectacle}},
    year={2025},
    month={march},
}
