@book{Coates,
    author = {Ta-Nehisi Coates},
    title = {Between the World and Me},
    publisher = {Penguin House},
    date = {2015},
}

@book{Badges,
    author = {Stuart Schrader},
    title = {Badges Without Borders},
    publisher = {University of California Press},
    date = {2019},
}

@online{lecture,
    title = {CRES 10 Critical Race and Ethnicity Studies: An Introduction},
    author = {Nick Mitchell},
    date = {2024},
}

@book{earth,
    author = {David Wallace-Wells},
    title = {The Uninhabitable Earth},
    publisher = {Crown},
    date = {2020},
}

@online{smith,
    author    = {Neil Smith},
	title     = {There's No Such Thing as a Natural Disaster},
	year      = {2006},
    day       = {11},
    month     = {June},
    url       = {https://items.ssrc.org/understanding-katrina/theres-no-such-thing-as-a-natural-disaster/},
    urldate   = {2024-12-10}
}
